@article{Conway,
  author = "Melvin E. Conway",
  title = "How Do Committees Invent?",
  jornal = "Datamation magazine",
  publisher = "Datamation magazine",
  address={USA},
  year = "1968",
  month = {Apr},
  url={http://www.melconway.com/Home/pdf/committees.pdf},
}

@article{SEI2017:WhatIsYourSoftwareArchitectureDefinition,
  author = "Software Engineering Institute - SEI",
  title = "What is your definition of software architecture?",
  jornal = "Computer",
  publisher = "Software Engineering Institute, Carnegie Mellon University",
  address={Pittsburgh, PA},
  number = 3854,
  year = "2017",
  month = {Jan},
  day = {22},
}

@book{Bass2015:SoftwareArchitetureInPratice,
  author = "Len Bass and Paul Clements and Rick Kazman",
  title = "Software Architecture in Pratic",
  publisher = "Pearson Education, Inc.",
  address = "Massachusetts, USA",
  year = "2015",
  edition = 3,
  isbn = "978-0-321-81573-6"
}

@book{davis2016effective,
  title={Effective DevOps: Building a Culture of Collaboration, Affinity, and Tooling at Scale},
  author={Davis, J. and Daniels, R.},
  isbn={9781491926437},
  url={https://books.google.com.br/books?id=6e5FDAAAQBAJ},
  year={2016},
  publisher={O'Reilly Media}
}

@book{mcgovern2004practical,
  author = "James McGovern
      and Scott W. Ambler
      and Michael E. Stevens
      and James Linn
      and Elias K. Jo
      and Vikas Sharan",
  title={A Practical Guide to Enterprise Architecture},
  isbn={9780131412750},
  lccn={2003021138},
  series={The Coad series},
  url={https://books.google.com.br/books?id=YGCNnnzeov0C},
  year={2004},
  publisher={Prentice Hall/Professional Technical Reference}
}

@book{Richards2020:FundamentalsOfSoftwareArchitecture,
  author = "Mark Richards and Neal Ford",
  title = "Fundamentals of Software Architecture: An Engineering Approach",
  publisher = "O'Reilly Media",
  address = "USA",
  year = "2020",
  isbn = "9781492043423"
}

@book{newman2019monolith,
  title={Monolith to Microservices: Evolutionary Patterns to Transform Your Monolith},
  author={Newman, S.},
  isbn={9781492047810},
  year={2019},
  publisher={O'Reilly Media}
}

@book{Vogel2011:SoftwareArchiteture,
  author = "Oliver Vogel and Ingo Arnold and Arif Chughtai and Timo Kehrer",
  title = "Software Architecture: A Comprehensive Framework and Guide for Practitioners",
  publisher = "Springer Berlin Heidelberg",
  year = "2011",
  isbn = "9783642197369"
}

@conference{Noonan:ToMicroservicesAndBackAgain,
  author = "Alexandra Noonan",
  title = "To Microservices and Back Again",
  publisher = "QCon London",
  address = "London",
  year = "2020"
}

@ONLINE{Guido2015:OnMonolithsAndMicrosrvices,
  author = "Guido Steinacker",
  publisher = {{Otto}},
  title = {On Monoliths and Microservices},
  url = {https://www.otto.de/jobs/technology/techblog/artikel/on-monoliths-and-microservices_2015-09-30.php},
  year = {2015},
  month = {Sep},
  urlaccessdate = {10.04.2021}
}

@ONLINE{Guido2016:WhyMicroservices,
  author = "Guido Steinacker",
  publisher = {{Otto}},
  title = {Why Microservices?},
  url = {https://www.otto.de/jobs/technology/techblog/artikel/why-microservices_2016-03-20.php},
  year = {2016},
  month = {Mar},
  urlaccessdate = {10.04.2021}
}

@ONLINE{MartinFowler:Microservices,
  author = "James Lewis and Martin Fowler",
  publisher = {{Martin Fowler}},
  title = {Microservice Premium},
  url = {https://martinfowler.com/articles/microservices.html},
  year = {2014},
  month = {March},
  urlaccessdate = {21.04.2021}
}

@ONLINE{MartinFowler:MicroservicePremium,
  author = "Martin Fowler",
  publisher = {{Martin Fowler}},
  title = {Microservice Premium},
  url = {https://martinfowler.com/bliki/MicroservicePremium.html},
  year = {2015},
  month = {May},
  urlaccessdate = {10.04.2021}
}

@ONLINE{MartinFowler:MonolithFirst,
  author = "Martin Fowler",
  publisher = {{Martin Fowler}},
  title = {Monolith First},
  url = {https://martinfowler.com/bliki/MonolithFirst.html},
  year = {2015},
  month = {Jun},
  urlaccessdate = {10.04.2021}
}

@ONLINE{MartinFowler:MicroserviceTradeOffs,
  author = "Martin Fowler",
  publisher = {{Martin Fowler}},
  title = {Microservice Trade-Offs},
  url = {https://martinfowler.com/articles/microservice-trade-offs.html#ops},
  year = {2015},
  month = {Jul},
  urlaccessdate = {10.04.2021}
}

@ONLINE{NatalliaSakovich,
  author = "Natallia Sakovich",
  title = {Monolithic vs. Microservices: Real Business Examples},
  url = {https://www.sam-solutions.com/blog/microservices-vs-monolithic-real-business-examples/},
  year = {2017},
  month = {Oct},
  urlaccessdate = {07.11.2019}
}

@ONLINE{Newman:Greenfield,
  title={Microservices For Greenfield?},
  author={Newman, S.},
  year={2019},
  url = {https://samnewman.io/blog/2015/04/07/microservices-for-greenfield/},
  year = {2015},
  month = {Apr},
  urlaccessdate = {10.04.2021}
}

@ONLINE{Olga2016:SelfContainedSystems,
  author = "Olga Annenko",
  publisher = {{elastic.io}},
  title = {Breaking Down a Monolithic Software: A Case for Microservices vs. Self-Contained Systems},
  url = {https://www.elastic.io/breaking-down-monolith-microservices-and-self-contained-systems/},
  year = {2016},
  month = {Jun},
  urlaccessdate = {10.04.2021}
}

@ONLINE{Segment2018:Centrifuge,
  author = "Calvin French-Owen",
  publisher = {{Otto}},
  title = {Centrifuge: a reliable system for delivering billions of events per day},
  url = {https://segment.com/blog/introducing-centrifuge/},
  year = {2018},
  month = {May},
  urlaccessdate = {10.04.2021}
}

@ONLINE{StefanTilkov:DontStartWithAMonolith,
  author = "Stefan Tilkov",
  publisher = {{Martin Fowler}},
  title = {Don’t start with a monolith},
  url = {https://martinfowler.com/articles/dont-start-monolith.html},
  year = {2015},
  month = {Jun},
  urlaccessdate = {10.04.2021}
}

















@article{AgileSoftwareInnovation,
  author = "Jim Highsmith and Alistair Cockburn",
  title = "Agile Software Development: The Business of Innovation",
  jornal = "Computer",
  publisher = "IEEE",
  volume = 34,
  number = 9,
  year = "2001"
}

@article{Bosch2013,
  author = {Bosch, Jan and Olsson, Helena and Björk, Jens and Ljungblad, Jens},
  year = {2013},
  month = {01},
  pages = {1-15},
  title = {The Early Stage Software Startup Development Model: A Framework for Operationalizing Lean Principles in Software Startups},
  volume = {167},
  journal = {LESS 2013. LNBIP},
  doi = {10.1007/978-3-642-44930-7_1}
}

@article{CapacidadeDeInovacao,
  author = "Andréia Cristina Dullius and Paola Rücker Schaeffer",
  title = "As capacidades de inovação em Startups: contribuições
  para uma trajetória de crescimento",
  journal = "Revista Alcance",
  address = "Santa Catarina",
  volume = 23,
  number = 1,
  year = "2016"
}

@article{Cattell,
  author = "Rick Cattell",
  title = "Scalable SQL and NoSQL Data Stores",
  journal = "ACM SIGMOD Record",
  address = "New York",
  volume = 39,
  number = 4,
  year = "2010"
}

@article{Dess&Beard,
  author = "Gregory G. Dess and Donald W. Beard",
  title = "Dimensions of Organizational Task Environments",
  journal = "Administrative Science Quarterly",
  address = "Nova Iorque",
  year = "1984"
}

@article{Gajendran,
  author = "Santhosh Kumar Gajendran",
  title = {{A survey on NoSQL Databases}},
  howpublished = "Semantic Scholar",
  year = "2012"
}

@article{GardelinRausp,
  author = "João Paulo Gardelin and Carlos Ricardo Rossetto and
    Miguel Angel Verdinelli",
  title = "O relacionamento entre a incerteza ambiental e o comportamento
    estratégico na percepção dos gestores de pequenas empresas",
  journal = "Rausp - Revista de Administração",
  address = "São Paulo",
  volume = 48,
  number = 4,
  year = "2013"
}

@article{Giardino2016,
  author = "Carmine Giardino and Nicolo Paternoster and Michael Unterkalmsteiner and
      Tony Gorschek and Pekka Abrahamsson",
  title = "Software Development in Startup Companies: The Greenfield Startup Model",
  journal = "IEEE Transactions on Software Engineering",
  volume = "X",
  number = "X",
  year = "2016"
}

@article{Despa2014,
  author = "Mihai Liviu Despa",
  title = "Comparative study on software development methodologies",
  journal = "Database Systems Journal",
  address = "Bucharest University of Economic Studies",
  volume = "V",
  number = 3,
  year = "2014"
}

@article{Mahnic2005,
  author = "Viljan Mahnic and Slavko Drnovscek",
  title = "Agile Software Project Management with Scrum",
  publisher = "University of Ljubljana, Faculty of Computer and Information Science",
  address = "Slovenia",
  year = "2005"
}

@article{NewEraOfDatabases,
  author = "A. B. M. Moniruzzaman and Syed Akhter Hossain",
  title = "NoSQL Database: New Era of Databases for Big data Analytics -
    Classification, Characteristics and Comparison",
  journal = "International Journal of Database Theory and Application",
  address = "Bangladesh",
  volume = 6,
  number = 4,
  year = "2013"
}

@article{Paternoster2014,
  author = "Nicolo Paternoster and Carmine Giardino and Michael Unterkalmsteiner and
      Tony Gorschek and Pekka Abrahamsson",
  title = "Software Development in Startup Companies: A Systematic Mapping Study",
  journal = "Information and Software Technology",
  address = "Bangladesh",
  year = "2014"
}

@article{Rueda,
  author = "Antonio Rueda-Manazares and J. Alberto Aragón-Correa and Sanjay Sharma",
  title = "The influence of stakeholders on the environmental strategy os service
    firms: the moderating effects of complexity, uncertainty and munificence",
  journal = "British Journal of Management",
  address = "Nova Iorque",
  volume = 19,
  number = 2,
  year = "2008"
}

@article{StartupGenome2011,
  author = "Max Marmer and Bjoern Lasse Herrmann and Ertan Dogrultan and Ron Berman",
  title = "Startup Genome Report Extra on Premature Scaling",
  journal = "British Journal of Management",
  address = "Nova Iorque",
  year = "2011"
}

@article{Stampfl2013,
  author = {Stampfl, Georg and Prügl, Reinhard and Osterloh, Vincent},
  year = {2013},
  month = {06},
  pages = {226-248},
  title = {An Explorative Model of Business Model Scalability},
  volume = {18},
  journal = {International Journal of Product Development},
  doi = {10.1504/IJPD.2013.055014}
}

@article{Sutton2000,
  author = {Stanley M. Sutton},
  year = {2000},
  month = {08},
  pages = {33-39},
  title = {The role of process in software start-up},
  volume = {17},
  number = 4,
  journal = {IEEE Software},
}

@book{ARevolucaoDasStartups,
  author = "Bruno Perin",
  title = "Startup Genome Report Extra on Premature Scaling",
  publisher = "Alta Books",
  address = "Rio de Janeiro",
  year = "2016",
}

@book{Brikman2015,
  author = "Yevgeniy Brikman",
  title = {Hello, Startup: A Programmer's Guide to Building Products, Technologies, and Teams},
  publisher = "O'Reilly Media, Inc",
  address = "USA",
  year = "2015",
}

@book{Newman2015,
  author = "Sam Newman",
  title = "Building Microservices: Designing Fine-Grained Systems",
  publisher = "O'Reilly Media, Inc.",
  address = "USA",
  year = "2015",
}

@book{EngineeringSystems,
  author = "Olivier L. De Weck and Daniel Roos and Christopher L. Magee",
  title = {Engineering Systems: {Meeting Human Needs in a Complex Technological World}},
  publisher = "MIT Press",
  address = "Massachusetts, USA",
  year = "2011",
}

@Inbook{Dragoni2017,
  author="Dragoni, Nicola
  and Giallorenzo, Saverio
  and Lafuente, Alberto Lluch
  and Mazzara, Manuel
  and Montesi, Fabrizio
  and Mustafin, Ruslan
  and Safina, Larisa",
  editor="Mazzara, Manuel
  and Meyer, Bertrand",
  title="Microservices: Yesterday, Today, and Tomorrow",
  bookTitle="Present and Ulterior Software Engineering",
  year="2017",
  publisher="Springer International Publishing",
  address="Cham",
  pages="195--216",
  doi="10.1007/978-3-319-67425-4_12",
  url="https://doi.org/10.1007/978-3-319-67425-4_12"
}

@book{FreshGuide2012,
  author = "Amulya Khare and Yipeng Huang and Hung Doan and Mohit Singh Kanwal",
  title = {A Fresh Graduate’s Guide to Software Development Tools and Technologies},
  chapter = 6,
  publisher = "School of Computing: National University of Singapore",
  address = "Singapore, Asia",
  year = "2012",
}

@book{InterSystems2019,
  author = {InterSystems, IRIS Data Platform},
  title = {Scalability Guide},
  publisher = "InterSystems Corporation",
  address = "Cambridge, MA",
  year = "2019",
}

@book{Kotsch2017,
  author = {Which Factors Determine the Success Or Failure of Startup Companies?
      A Startup Ecosystem Analysis of Hungary, Germany and the US},
  title = {Scalability Guide},
  publisher = "Anchor Academic Publishing",
  address = "Hamburg, US",
  year = "2017",
}

@book{PlatformEcosystems,
  author = "Amrit Tiwana",
  title = {Platform Ecosystems: {Aligning Architecture, Governance, and Strategy}},
  publisher = "Elsevier",
  address = "Massachusetts, USA",
  year = "2014",
}

@book{StartupEnxuta,
  author = "Eric Ries",
  title = "The Lean Startup",
  publisher = "Currency",
  address = "Nova Iorque",
  year = "2011",
}

@book{Blank2013,
  author = "Steven G. Blank",
  title = "The four steps to the Epiphany",
  year = "2013"
}

@conference{Akiyoshi,
  author = "Fabiano Akiyoshi Nagamatsu and Janaina Barbosa and Adriana Rebecchi",
  title = "Business Model Generation e as contribuições na abertura de Startups",
  publisher = "II Simpósio Internacional de Gestão de Projetos, Inovação e
  Sustentabilidade",
  address = "São Paulo",
  year = "2013"
}

@book{Coleman2005,
  author = {Gerry Coleman},
  year = {2005},
  pages = {315},
  title = {An empirical study of software process in practice},
  booktitle = "Proceedings Hawaii International Conference on System Sciences (HICSS)",
}

@conference{SurveyNosql,
  author = "Jing Han and E. Haihong and Guan Le and Jian Du",
  title = "Survey on NoSQL database",
  booktitle = "2011 6th International Conference on Pervasive Computing and Applications",
  publisher = "IEEE",
  address = "Port Elizabeth, South Africa",
  year = "2011"
}

@ONLINE{AgileManifesto,
  author = "Kent Beck and Mike Beedle and Arie van Bennekum and Alistair Cockburn and
    Ward Cunningham and Martin Fowler and James Grenning and Jim Highsmith and
    Andrew Hunt and Ron Jeffries and Jon Kern and Brian Marick and Robert C. Martin and
    Steve Mellor and Ken Schwaber and Jeff Sutherland and Dave Thomas",
  publisher = {{Agile Manifesto}},
  title = {Agile Manifesto},
  url = {http://agilemanifesto.org/},
  year = "2001",
  urlaccessdate = {24.11.2019}
}

@ONLINE{CassioSpina,
  author = "Cassio Spina",
  publisher = {{Revista Exame}},
  title = {O que é uma ideia escalável?},
  url = {https://exame.abril.com.br/pme/o-que-e-uma-ideia-escalavel/},
  year = {2012},
  month = {May},
  urlaccessdate = {29.06.2019}
}

@ONLINE{ConceptaScalability,
  author = "Conceptanext",
  publisher = {Concepta},
  title = {The Importance of Scalability In Software Design},
  url = {https://conceptainc.com/blog/importance-of-scalability-in-software-design/},
  year = {2017},
  month = {Dec},
  urlaccessdate = {14.07.2019}
}

@ONLINE{doc:dynamodbModeling,
  title = {Amazon DynamoDB Developer Guide: First Steps for Modeling Relational Data in DynamoDB},
  organization = {Amazon Web Services},
  year = "2012",
  month = "Aug",
  url = {https://docs.aws.amazon.com/amazondynamodb/latest/developerguide/bp-modeling-nosql.html},
  urlaccessdate = {07.07.2019}
}

@ONLINE{JakeLumetta,
  author = {Jake Lumetta},
  publisher = {ButterCMS},
  title = {Microservices for Startups: Should you always start with a monolith?},
  url = {https://buttercms.com/books/microservices-for-startups/should-you-always-start-with-a-monolith},
  year = "2018",
  urlaccessdate = {07.07.2019}
}

@ONLINE{Kavya,
  author = {Kavya},
  publisher = {{ServerGuy}},
  title = {DigitalOcean vs AWS EC2: 8 Factors to Decide Who's the Winner?},
  url = {https://serverguy.com/comparison/digitalocean-vs-aws-ec2/},
  year = "2019",
  month = "Mar",
  urlaccessdate = {07.07.2019}
}

@ONLINE{LouisaXu,
  author = {Louisa Xu},
  publisher = {{Forbes}},
  title = {Modernizing Real Estate: The Property Tech Opportunity},
  url = {https://www.forbes.com/sites/valleyvoices/2019/02/22/the-proptech-opportunity},
  year = "2019",
  month = "Feb",
  urlaccessdate = {06.07.2019}
}

@ONLINE{MatthiasMullie,
  author = "Matthias Mullie",
  title = {How to make your code scale},
  url = {https://www.mullie.eu/why-your-code-doesnt-scale/},
  year = {2014},
  month = {Nov},
  urlaccessdate = {14.07.2019}
}

@ONLINE{NepomucenoSucessoDoWaze,
  author = "Carlos Nepomuceno",
  publisher = {{Administradores.com}},
  title = {Afinal, quais são os segredos de sucesso do Waze?},
  url = {https://administradores.com.br/noticias/afinal-quais-sao-os-segredos-de-sucesso-do-waze},
  year = "2013",
  month = "Jun",
  urlaccessdate = {29.06.2019}
}

@ONLINE{WhatIsScrum,
  author = {Scrum.org},
  publisher = {Scrum.org},
  title = {What is Scrum?},
  url = {https://www.scrum.org/resources/what-is-scrum},
  year = 2019,
  urlaccessdate = {26.11.2019},
  note = "Data da publicação desconhecida."
}

@ONLINE{SteveBlankFirstPrinciples,
  author = "Steve Blank",
  publisher = {{Steve Blank}},
  title = {What’s a Startup? First Principles.},
  url = {https://steveblank.com/2010/01/25/whats-a-startup-first-principles},
  year = "2010",
  month = "Jun",
  urlaccessdate = {29.06.2019}
}

@ONLINE{Wells2000,
  author = "Don Wells",
  publisher = {Extreme Programming Organization},
  title = {Extreme Programming: A gentle introduction},
  url = {http://www.extremeprogramming.org/},
  year = "2000",
  urlaccessdate = {26.11.2019}
}

@manual{ScrumGuide,
  title = "The Scrum Guide",
  author = "Ken Schwaber and Jeff Sutherland",
  year = "2017",
}
